
@misc{PrincetonToolbox,
  author       = {{Princeton University}},
  title        = {{Created toolboxes}},
  howpublished = {\url{https://psatellite.com/}},
  year         = {2017}
}

@misc{Tilted_Dipole,
  author       = {{Wikipedia}},
  title        = {{Dipole model of the Earth's magnetic field}},
  howpublished = {\url{https://en.wikipedia.org/wiki/Dipole_model_of_the_Earth%27s_magnetic_field}},
  year         = {2025}
}

@misc{J70_atmosphere,
  author       = {{Johnson,D.L and Smith, R.E}},
  title        = {{The MSFC/J70 orbital atmosphere model and the data bases for the MSFC solar activity prediction technique}},
  howpublished = {\url{https://ntrs.nasa.gov/citations/19860012552}},
  year         = {1985}
}

@misc{Landis,
  author       = {{F. L. Markley and J. L. Crassidis,}},
  title        = {{Fundamentals of Spacecraft Attitude
Determination and Control}},
  year         = {2014}
}